<?xml version="1.0" encoding="utf-8"?>
<record xmlns="http://www.loc.gov/MARC21/slim" xmlns:xsi="http://www.w3.org/2001/XMLSchema-instance" xsi:schemaLocation="http://www.loc.gov/MARC21/slim http://www.loc.gov/standards/marcxml/schema/MARC21slim.xsd">
	<leader>     nam a22        4500</leader>
	<controlfield tag="001">002774132</controlfield>
	<controlfield tag="003">NNU</controlfield>
	<controlfield tag="006">m        d        </controlfield>
	<controlfield tag="007">cr cn |||m|||a</controlfield>
	<controlfield tag="008">150505q19801986ir      o     000 0 ara  </controlfield>
	<datafield ind1=" " ind2=" " tag="040">
		<subfield code="a">NNU</subfield>
		<subfield code="b">eng</subfield>
		<subfield code="c">NNU</subfield>
	</datafield>
	<datafield ind1="0" ind2="0" tag="050">
		<subfield code="a">PJ6101.I193</subfield>
		<subfield code="b">A9 1980z &lt;Orien Arab&gt;</subfield>
	</datafield>
	<datafield ind1=" " ind2=" " tag="066">
		<subfield code="c">(3</subfield>
	</datafield>
	<datafield ind1=" " ind2=" " tag="090">
		<subfield code="a">PJ6101.I193</subfield>
		<subfield code="b">A9 1980z</subfield>
	</datafield>
	<datafield ind1="1" ind2=" " tag="100">
		<subfield code="6">880-01</subfield>
		<subfield code="a">Azharī, Khālid ibn ʻAbd Allāh,</subfield>
		<subfield code="d">d. 1499</subfield>
	</datafield>
	<datafield ind1="1" ind2="0" tag="245">
		<subfield code="6">880-02</subfield>
		<subfield code="a">Sharḥ al-Taṣrīḥ ʻalá al-Tawḍīḥ</subfield>
		<subfield code="h">[electronic resource] /</subfield>
		<subfield code="c">li-Khālid ibn ʻAbd Allāh al-Azharī ʻalá Alfīyat ibn Mālik fī al-naḥw wa-al-ṣarf li-Jamāl al-Dīn Abī Muḥammad ibn ʻAbd Allāh ibn Yūsuf Hishām al-Anṣārī ; wa-bi-hāmishihi ḥāshiyatihi li-Yāsīn ibn Zayn al-Dīn al-ʻUlaymī al-Ḥimṣī.</subfield>
	</datafield>
	<datafield ind1=" " ind2=" " tag="260">
		<subfield code="6">880-03</subfield>
		<subfield code="a">Ṭihrān, Īrān :</subfield>
		<subfield code="b">Intishārāt-i Nāṣir Khusraw,</subfield>
		<subfield code="c">[198-?]</subfield>
	</datafield>
	<datafield ind1=" " ind2=" " tag="300">
		<subfield code="a">online resource (2 v.)</subfield>
	</datafield>
	<datafield ind1=" " ind2=" " tag="500">
		<subfield code="a">Part of the Arabic Collections Online (ACO) project, contributed by New York Univeristy Libraries.</subfield>
	</datafield>
	<datafield ind1=" " ind2=" " tag="533">
		<subfield code="a">Electronic reproduction.</subfield>
		<subfield code="b">New York, N.Y. :</subfield>
		<subfield code="c">New York University,</subfield>
		<subfield code="d">2015.</subfield>
		<subfield code="5">NNU</subfield>
	</datafield>
	<datafield ind1="1" ind2="0" tag="600">
		<subfield code="6">880-04</subfield>
		<subfield code="a">Ibn Hishām, ʻAbd Allāh ibn Yūsuf,</subfield>
		<subfield code="d">1309-1360.</subfield>
		<subfield code="t">Awḍaḥ al-masālik ilá Alfīyat Ibn Mālik</subfield>
	</datafield>
	<datafield ind1=" " ind2="0" tag="650">
		<subfield code="a">Arabic language</subfield>
		<subfield code="x">Grammar.</subfield>
	</datafield>
	<datafield ind1="1" ind2=" " tag="700">
		<subfield code="6">880-05</subfield>
		<subfield code="a">ʻUlaymī, Yāsīn ibn Zayn al-Dīn,</subfield>
		<subfield code="d">d. 1650 or 51</subfield>
	</datafield>
	<datafield ind1="2" ind2=" " tag="710">
		<subfield code="a">New York University.</subfield>
		<subfield code="b">Libraries.</subfield>
	</datafield>
	<datafield ind1="0" ind2=" " tag="730">
		<subfield code="a">Arabic Collections Online.</subfield>
	</datafield>
	<datafield ind1="0" ind2="8" tag="776">
		<subfield code="i">Print version:</subfield>
		<subfield code="a">Azharī, Khālid ibn ʻAbd Allāh, d. 1499 880-01</subfield>
		<subfield code="t">Sharḥ al-Taṣrīḥ ʻalá al-Tawḍīḥ</subfield>
		<subfield code="w">(NNU)002774132</subfield>
		<subfield code="w">(DLC)84931632 /NE</subfield>
	</datafield>
	<datafield ind1="4" ind2="0" tag="856">
		<subfield code="u">http://hdl.handle.net/2333.1/k3j9kgdd</subfield>
	</datafield>
	<datafield ind1="1" ind2=" " tag="880">
		<subfield code="6">100-01/</subfield>
		<subfield code="a">الأزهري، خالد بن عبد الله.</subfield>
	</datafield>
	<datafield ind1="1" ind2="0" tag="880">
		<subfield code="6">245-02/</subfield>
		<subfield code="a">شرح التصريح على التوضيح /</subfield>
		<subfield code="c">لخالد بن عبد الله الأزهري على الفية ابن مالك في النحو والصرف لجمال الدين أبي محمد بن عبد الله بن يوسف بن هشام الانصاري ؛ وبهامشه حاشيته ليس بن زين الدين العليمي الحمصي.</subfield>
	</datafield>
	<datafield ind1=" " ind2=" " tag="880">
		<subfield code="6">260-03/</subfield>
		<subfield code="a">طهران، ايران :</subfield>
		<subfield code="b">انتشارات ناصر خسرو،</subfield>
		<subfield code="c">[198-?]</subfield>
	</datafield>
	<datafield ind1="1" ind2="4" tag="880">
		<subfield code="6">600-04/</subfield>
		<subfield code="a">ابن هشام، عبد الله بن يوسف.</subfield>
		<subfield code="t">أوضح المسالك إلى ألفية بن مالك.</subfield>
	</datafield>
	<datafield ind1="1" ind2=" " tag="880">
		<subfield code="6">700-05/</subfield>
		<subfield code="a">عليمي، يس بن زين الدين.</subfield>
	</datafield>
	<datafield ind1=" " ind2=" " tag="959">
		<subfield code="a">NNU</subfield>
		<subfield code="b">WEB</subfield>
		<subfield code="c">GENI</subfield>
		<subfield code="t">0</subfield>
		<subfield code="m">Electronic access</subfield>
		<subfield code="s">01</subfield>
	</datafield>
	<datafield ind1=" " ind2=" " tag="999">
		<subfield code="i">NNU_002774132</subfield>
		<subfield code="s">nyu_aco000007:v.1</subfield>
		<subfield code="s">nyu_aco000008:v.2</subfield>
	</datafield>
</record>
